% primarni zdroje 

@misc{ neskudla,
author = "Bc. Pavel Neškudla",
title = "Zpracování dat z {MRI}",
note = "Diplomová práce, FJFI ČVUT v Praze",
year = "2010",
}

@misc{ flaska,
author = "Jakub Flaška",
title = "Zpracování a vizualizace dat z magnetické resonance",
note = "Bakalářská práce, FJFI ČVUT v Praze",
year = "2010",
}

@misc{ dcmtk,
author = "{OFFIS} e.{V}.",
title = "Dokumentace knihovny {DCMTK}",
note = {\url{http://support.dcmtk.org/docs/}}
}

@misc{ msdn,
title = "{M}icrosoft {D}eveloper {N}etwork",
author = "{M}icrosoft",
note = {\url{http://msdn.microsoft.com/en-us/}}
}


@article{ wikipediaContrast,
title = "{C}ontrast in {C}omplex {I}mages",
author = "{E}. {P}eli",
journal="J. Opt.  Soc. Am. A",
volume={7},
year={1990},
pages={2032--2040}
}

@misc{ volux,
title = "Stránky s informacemi o programu {VOLUX SYSTEM}",
author = "{D}iagnostyka {M}edyczna {G}etwell ",
note = {\url{http://tomografiapoznan.pl/index.php/dla-lekarza/oprogramowanie/}}
}


@misc{ staticDynamic,
title = "{S}tatic, {S}hared {D}ynamic and {L}oadable {L}inux {L}ibraries",
author = "{G}reg {I}ppolito",
note = {\url{http://www.yolinux.com/TUTORIALS/LibraryArchives-StaticAndDynamic.html}}
}


@book{ singleMulti,
title = "C++ Concurrency in Action: Practical Multithreading",
author = "Anthony Williams",
year = {2008},
edition={Early Access},
publisher="Manning Publications",
isbn={1933988870}

}

@misc{ relDeb,
title = "{D}ebug versus {R}elease build",
author = "{M}ahesh {C}hand",
note = {\url{http://www.dotnetheaven.com/Uploadfile/mahesh/DebugaRelease05192005033225AM/DebugaRelease.aspx}}
}

@misc{ cgtoolkit,
title = "{C}g toolkit",
author = "n{V}idia",
note = {\url{http://developer.nvidia.com/cg-toolkit}}
}

@misc{ opengl,
title = "{O}pen{GL}",
author = "{K}hronos",
note = {\url{http://www.opengl.org/}}
}

@misc{ gdcmconv,
title = "Projekt gdcmconv",
note = {\url{http://sourceforge.net/apps/mediawiki/gdcm/index.php?title=Gdcmconv}}
}


