% primarni zdroje 

@misc{ neskudla,
author = "Bc. Pavel Neskudla",
title = "Processing of {MRI} data",
note = "Master's thesis, Faculty of Nuclear Sciences and Physical Engineering, Czech Technical University in Prague",
year = "2010",
}

@misc{ flaska_bc,
author = "Jakub Flaska",
title = "Processing and Visualization of Magnetic Resonance Data",
note = "Bachelor's thesis, Faculty of Nuclear Sciences and Physical Engineering, Czech Technical University in Prague",
year = "2010",
}

@misc{ flaska_vu,
author = "Bc. Jakub Flaska",
title = "Software instrument for {MRI} data manipulation and visualization",
note = "Research project, Faculty of Nuclear Sciences and Physical Engineering, Czech Technical University in Prague",
year = "2011",
}

@article{ plugins_vandevoorde,
author = "Daveed Vandevoorde",
title = "Plugins in C++",
note = "JTC1/SC22/WG21 - Papers 2006",
year = "2006",
journal = "The C++ Standards Committee",
url="http://www.open-std.org/jtc1/sc22/WG21/docs/papers/2006/n2015.pdf"
}


@misc{ cgtoolkit,
title = "{C}g toolkit",
author = "n{V}idia",
note = {\url{http://developer.nvidia.com/cg-toolkit}}
}

@misc{ opengl,
title = "{O}pen{GL}",
author = "{K}hronos",
note = {\url{http://www.opengl.org/}}
}

@misc{ opengl,
title = "Contrast in {C}omplex {I}mages",
author = "E. Peli",
note = {\url{http://www.eri.harvard.edu/faculty/peli/papers/ContrastJOSA.pdf}}
}

@misc{ csharpjavaperformance,
title = "Stack Overflow - C++, C\#, Java performance",
note = {\url{http://stackoverflow.com/questions/145110/c-performance-vs-java-c}}
}

@misc{ idoimaging,
author = "Andrew Crabb",
title = "{I DO IMAGING}, {F}ree medical imaging software",
note = {\url{http://www.idoimaging.com/}}
}

@misc{ dcmtksupport,
author = "{D}r. {M}arco {E}ichelberg, {M}ichael {O}nken, {A}ndreas {T}hiel, and {D}r. {J}örg {R}iesmeier",
institution = "{OFFIS} {I}nstitute of {I}nformation {T}echnology",
title = "{DICOM} {T}oolkit {D}ocumentation",
note = "http://support.dcmtk.org/wiki/",
}

@book{ dcmtksupport,
author = "{D}r. {M}arco {E}ichelberg, {M}ichael {O}nken, {A}ndreas {T}hiel, and {D}r. {J}örg {R}iesmeier",
institution = "{OFFIS} {I}nstitute of {I}nformation {T}echnology",
title = "{DICOM} {T}oolkit {D}ocumentation",
note = "http://support.dcmtk.org/wiki/",
}

@book{nutshell,
title = {Web design in a nutshell},
isbn = {9780596009878},
publisher = {O'{R}eilly},
author = {Jennifer Niederst Robbins},
year = {2006},
pages = {519–520}
}


