% sekundarni zdroje

@misc{DicomSamples,
author = "{R}adiology {D}epartment {G}eneva {U}niversity {H}ospital",
title = "{CASIMAGE} {I}magery {T}eaching {F}iles {D}atabase",
note = {\url{http://pubimage.hcuge.ch:8080/}}
}

@misc{volux,
author = "{D}iagnostyka {M}edyczna {G}etwell",
title = "{VOLUX SYSTEM}",
note = {\url{http://tomografiapoznan.pl/index.php/dla-lekarza/oprogramowanie/}}
}