@misc{ siemens,
author = "Siemens {AG}",
title = "Siemens Healthcare",
note = {\url{http://www.medical.siemens.com/}},
year={2002-2012}
}

@misc{ intrasense,
author = "Intrasense Montpellier",
title = "Myrian {DICOM} viewer",
note = {\url{http://www.intrasense.fr/}}
}

@misc{ osirix,
author = "Antoine Rosset",
title = "Osiri{X}",
year={2003-2011}
note = {\url{http://www.osirix-viewer.com/}}
}

@misc{ dicom,
author = "Damian Brunold and National Electrical Manufacturers Association",
title = "{DICOM} {S}tandard",
note = {\url{http://dabsoft.ch/dicom/index.html}}
}

@misc{ nema,
author = "National Electrical Manufacturers Association",
note = {The Association of Electrical Equipment and Medical Imaging Manufacturers, \url{http://www.nema.org/}}
}

