% sekundarni zdroje

@misc{DicomSamples,
author = "{R}adiology {D}epartment {G}eneva {U}niversity {H}ospital",
title = "{CASIMAGE} {I}magery {T}eaching {F}iles {D}atabase",
note = {\url{http://pubimage.hcuge.ch:8080/}}
}